@FOOTNOTE{Note1,key="Note1",note="https://www.entsoe.eu/data/transparency-platform/"}
